@article{merkel2014docker,
	title        = {Docker: lightweight linux containers for consistent development and deployment},
	author       = {Merkel, Dirk},
	year         = 2014,
	journal      = {Linux journal},
	volume       = 2014,
	number       = 239,
	pages        = 2
}
@inproceedings{yoo2003slurm,
	title        = {Slurm: Simple linux utility for resource management},
	author       = {Yoo, Andy B and Jette, Morris A and Grondona, Mark},
	year         = 2003,
	booktitle    = {Job Scheduling Strategies for Parallel Processing: 9th International Workshop, JSSPP 2003, Seattle, WA, USA, June 24, 2003. Revised Paper 9},
	pages        = {44--60},
	organization = {Springer}
}
